@article{balle2016end,
  title={End-to-end optimized image compression},
  author={Ball{\'e}, Johannes and Laparra, Valero and Simoncelli, Eero P},
  journal={arXiv preprint arXiv:1611.01704},
  year={2016}
}
@article{theis2017lossy,
  title={Lossy image compression with compressive autoencoders},
  author={Theis, Lucas and Shi, Wenzhe and Cunningham, Andrew and Husz{\'a}r, Ferenc},
  journal={arXiv preprint arXiv:1703.00395},
  year={2017}
}
@inproceedings{zhou2018variational,
  title={Variational Autoencoder for Low Bit-rate Image Compression},
  author={Zhou, Lei and Cai, Chunlei and Gao, Yue and Su, Sanbao and Wu, Junmin},
  booktitle={Proceedings of the IEEE Conference on Computer Vision and Pattern Recognition Workshops},
  pages={2617--2620},
  year={2018}
}
@article{balle2018variational,
  title={Variational image compression with a scale hyperprior},
  author={Ball{\'e}, Johannes and Minnen, David and Singh, Saurabh and Hwang, Sung Jin and Johnston, Nick},
  journal={arXiv preprint arXiv:1802.01436},
  year={2018}
}
@inproceedings{sonderby2016train,
  title={How to train deep variational autoencoders and probabilistic ladder networks},
  author={S{\o}nderby, Casper Kaae and Raiko, Tapani and Maal{\o}e, Lars and S{\o}nderby, S{\o}ren Kaae and Winther, Ole},
  booktitle={33rd International Conference on Machine Learning (ICML 2016)},
  year={2016}
}
@article{zhao2015loss,
  title={Loss functions for neural networks for image processing},
  author={Zhao, Hang and Gallo, Orazio and Frosio, Iuri and Kautz, Jan},
  journal={arXiv preprint arXiv:1511.08861},
  year={2015}
}
@article{havasi2018minimal,
  title={Minimal Random Code Learning: Getting Bits Back from Compressed Model Parameters},
  author={Havasi, Marton and Peharz, Robert and Hern{\'a}ndez-Lobato, Jos{\'e} Miguel},
  journal={arXiv preprint arXiv:1810.00440},
  year={2018}
}
@article{kingma2019bit,
  title={Bit-Swap: Recursive Bits-Back Coding for Lossless Compression with Hierarchical Latent Variables},
  author={Kingma, Friso H and Abbeel, Pieter and Ho, Jonathan},
  journal={arXiv preprint arXiv:1905.06845},
  year={2019}
}
@article{townsend2019practical,
  title={Practical Lossless Compression with Latent Variables using Bits Back Coding},
  author={Townsend, James and Bird, Tom and Barber, David},
  journal={arXiv preprint arXiv:1901.04866},
  year={2019}
}
@inproceedings{ledig2017photo,
  title={Photo-realistic single image super-resolution using a generative adversarial network},
  author={Ledig, Christian and Theis, Lucas and Husz{\'a}r, Ferenc and Caballero, Jose and Cunningham, Andrew and Acosta, Alejandro and Aitken, Andrew and Tejani, Alykhan and Totz, Johannes and Wang, Zehan and others},
  booktitle={Proceedings of the IEEE conference on computer vision and pattern recognition},
  pages={4681--4690},
  year={2017}
}
@inproceedings{higgins2017beta,
  title={beta-vae: Learning basic visual concepts with a constrained variational framework},
  author={Higgins, Irina and Matthey, Loic and Pal, Arka and Burgess, Christopher and Glorot, Xavier and Botvinick, Matthew and Mohamed, Shakir and Lerchner, Alexander},
  booktitle={International Conference on Learning Representations},
  year={2017}
}
@article{kingma2013auto,
  title={Auto-Encoding Variational Bayes},
  author={Kingma, Diederik P and Welling, Max},
  journal={arXiv preprint arXiv:1312.6114},
  year={2013}
}
@misc{clic2018,
  title = {Workshop and Challenge on Learned Image Compression},
  howpublished = {\url{https://www.compression.cc}},
  note = {Accessed: 2019-03-25}
}
@inproceedings{msssim,
  title={Multiscale structural similarity for image quality assessment},
  author={Wang, Zhou and Simoncelli, Eero P and Bovik, Alan C},
  booktitle={The Thirty-Seventh Asilomar Conference on Signals, Systems \& Computers, 2003},
  volume={2},
  pages={1398--1402},
  year={2003},
  organization={Ieee}
}
@article{psnr,
  title={Scope of validity of PSNR in image/video quality assessment},
  author={Huynh-Thu, Quan and Ghanbari, Mohammed},
  journal={Electronics letters},
  volume={44},
  number={13},
  pages={800--801},
  year={2008},
  publisher={IET}
}
@inproceedings{hinton1993keeping,
  title={Keeping neural networks simple by minimizing the description length of the weights},
  author={Hinton, Geoffrey and Van Camp, Drew},
  booktitle={in Proc. of the 6th Ann. ACM Conf. on Computational Learning Theory},
  year={1993},
  organization={Citeseer}
}
@inproceedings{maddison2014sampling,
  title={A* sampling},
  author={Maddison, Chris J and Tarlow, Daniel and Minka, Tom},
  booktitle={Advances in Neural Information Processing Systems},
  pages={3086--3094},
  year={2014}
}
@inproceedings{harsha2007communication,
  title={The communication complexity of correlation},
  author={Harsha, Prahladh and Jain, Rahul and McAllester, David and Radhakrishnan, Jaikumar},
  booktitle={Twenty-Second Annual IEEE Conference on Computational Complexity (CCC'07)},
  pages={10--23},
  year={2007},
  organization={IEEE}
}