@article{balle2016end,
  title={End-to-end optimized image compression},
  author={Ball{\'e}, Johannes and Laparra, Valero and Simoncelli, Eero P},
  journal={arXiv preprint arXiv:1611.01704},
  year={2016}
}
@article{theis2017lossy,
  title={Lossy image compression with compressive autoencoders},
  author={Theis, Lucas and Shi, Wenzhe and Cunningham, Andrew and Husz{\'a}r, Ferenc},
  journal={arXiv preprint arXiv:1703.00395},
  year={2017}
}
@inproceedings{zhou2018variational,
  title={Variational Autoencoder for Low Bit-rate Image Compression},
  author={Zhou, Lei and Cai, Chunlei and Gao, Yue and Su, Sanbao and Wu, Junmin},
  booktitle={Proceedings of the IEEE Conference on Computer Vision and Pattern Recognition Workshops},
  pages={2617--2620},
  year={2018}
}
@article{toderici2015variable,
  title={Variable rate image compression with recurrent neural networks},
  author={Toderici, George and O'Malley, Sean M and Hwang, Sung Jin and Vincent, Damien and Minnen, David and Baluja, Shumeet and Covell, Michele and Sukthankar, Rahul},
  journal={arXiv preprint arXiv:1511.06085},
  year={2015}
}
@inproceedings{toderici2017full,
  title={Full resolution image compression with recurrent neural networks},
  author={Toderici, George and Vincent, Damien and Johnston, Nick and Jin Hwang, Sung and Minnen, David and Shor, Joel and Covell, Michele},
  booktitle={Proceedings of the IEEE Conference on Computer Vision and Pattern Recognition},
  pages={5306--5314},
  year={2017}
}
@article{balle2018variational,
  title={Variational image compression with a scale hyperprior},
  author={Ball{\'e}, Johannes and Minnen, David and Singh, Saurabh and Hwang, Sung Jin and Johnston, Nick},
  journal={arXiv preprint arXiv:1802.01436},
  year={2018}
}
@inproceedings{sonderby2016train,
  title={How to train deep variational autoencoders and probabilistic ladder networks},
  author={S{\o}nderby, Casper Kaae and Raiko, Tapani and Maal{\o}e, Lars and S{\o}nderby, S{\o}ren Kaae and Winther, Ole},
  booktitle={33rd International Conference on Machine Learning (ICML 2016)},
  year={2016}
}
@article{zhao2015loss,
  title={Loss functions for neural networks for image processing},
  author={Zhao, Hang and Gallo, Orazio and Frosio, Iuri and Kautz, Jan},
  journal={arXiv preprint arXiv:1511.08861},
  year={2015}
}
@article{havasi2018minimal,
  title={Minimal Random Code Learning: Getting Bits Back from Compressed Model Parameters},
  author={Havasi, Marton and Peharz, Robert and Hern{\'a}ndez-Lobato, Jos{\'e} Miguel},
  journal={arXiv preprint arXiv:1810.00440},
  year={2018}
}
@article{kingma2019bit,
  title={Bit-Swap: Recursive Bits-Back Coding for Lossless Compression with Hierarchical Latent Variables},
  author={Kingma, Friso H and Abbeel, Pieter and Ho, Jonathan},
  journal={arXiv preprint arXiv:1905.06845},
  year={2019}
}
@article{townsend2019practical,
  title={Practical Lossless Compression with Latent Variables using Bits Back Coding},
  author={Townsend, James and Bird, Tom and Barber, David},
  journal={arXiv preprint arXiv:1901.04866},
  year={2019}
}
@inproceedings{ledig2017photo,
  title={Photo-realistic single image super-resolution using a generative adversarial network},
  author={Ledig, Christian and Theis, Lucas and Husz{\'a}r, Ferenc and Caballero, Jose and Cunningham, Andrew and Acosta, Alejandro and Aitken, Andrew and Tejani, Alykhan and Totz, Johannes and Wang, Zehan and others},
  booktitle={Proceedings of the IEEE conference on computer vision and pattern recognition},
  pages={4681--4690},
  year={2017}
}
@inproceedings{higgins2017beta,
  title={beta-vae: Learning basic visual concepts with a constrained variational framework},
  author={Higgins, Irina and Matthey, Loic and Pal, Arka and Burgess, Christopher and Glorot, Xavier and Botvinick, Matthew and Mohamed, Shakir and Lerchner, Alexander},
  booktitle={International Conference on Learning Representations},
  year={2017}
}
@article{kingma2013auto,
  title={Auto-Encoding Variational Bayes},
  author={Kingma, Diederik P and Welling, Max},
  journal={arXiv preprint arXiv:1312.6114},
  year={2013}
}
@misc{clic2018,
  author={CLIC},
  year={2018},
  title = {Workshop and Challenge on Learned Image Compression},
  howpublished = {\url{https://www.compression.cc}},
  note = {Accessed: 2019-03-25}
}
@inproceedings{msssim,
  title={Multiscale structural similarity for image quality assessment},
  author={Wang, Zhou and Simoncelli, Eero P and Bovik, Alan C},
  booktitle={The Thirty-Seventh Asilomar Conference on Signals, Systems \& Computers, 2003},
  volume={2},
  pages={1398--1402},
  year={2003},
  organization={Ieee}
}
@article{psnr,
  title={Scope of validity of PSNR in image/video quality assessment},
  author={Huynh-Thu, Quan and Ghanbari, Mohammed},
  journal={Electronics letters},
  volume={44},
  number={13},
  pages={800--801},
  year={2008},
  publisher={IET}
}
@inproceedings{hinton1993keeping,
  title={Keeping neural networks simple by minimizing the description length of the weights},
  author={Hinton, Geoffrey and Van Camp, Drew},
  booktitle={in Proc. of the 6th Ann. ACM Conf. on Computational Learning Theory},
  year={1993},
  organization={Citeseer}
}
@inproceedings{maddison2014sampling,
  title={A* sampling},
  author={Maddison, Chris J and Tarlow, Daniel and Minka, Tom},
  booktitle={Advances in Neural Information Processing Systems},
  pages={3086--3094},
  year={2014}
}
@inproceedings{harsha2007communication,
  title={The communication complexity of correlation},
  author={Harsha, Prahladh and Jain, Rahul and McAllester, David and Radhakrishnan, Jaikumar},
  booktitle={Twenty-Second Annual IEEE Conference on Computational Complexity (CCC'07)},
  pages={10--23},
  year={2007},
  organization={IEEE}
}
@article{rissanen1981universal,
  title={Universal modeling and coding},
  author={Rissanen, Jorma and Langdon, Glen},
  journal={IEEE Transactions on Information Theory},
  volume={27},
  number={1},
  pages={12--23},
  year={1981},
  publisher={IEEE}
}

@inproceedings{rippel2017real,
  title={Real-time adaptive image compression},
  author={Rippel, Oren and Bourdev, Lubomir},
  booktitle={Proceedings of the 34th International Conference on Machine Learning-Volume 70},
  pages={2922--2930},
  year={2017},
  organization={JMLR. org}
}

@article{dai2019diagnosing,
  title={Diagnosing and enhancing vae models},
  author={Dai, Bin and Wipf, David},
  journal={arXiv preprint arXiv:1903.05789},
  year={2019}
}
@misc{sonnetblog,
  title="{Open sourcing Sonnet - a new library for constructing neural networks}",
  author={Reynolds, Malcolm and Barth-Maron, Gabriel and Besse, Frederic and
      de Las Casas, Diego and Fidjeland, Andreas and Green, Tim and
      Puigdom{\`e}nech, Adri{\`a} and Racani{\`e}re, S{\'e}bastien and Rae, Jack
      and Viola, Fabio},
  howpublished={\url{https://deepmind.com/blog/open-sourcing-sonnet/}},
  year={2017}
}
@misc{tensorflow2015-whitepaper,
title={ {TensorFlow}: Large-Scale Machine Learning on Heterogeneous Systems},
url={https://www.tensorflow.org/},
note={Software available from tensorflow.org},
author={
    Mart\'{\i}n~Abadi and
    Ashish~Agarwal and
    Paul~Barham and
    Eugene~Brevdo and
    Zhifeng~Chen and
    Craig~Citro and
    Greg~S.~Corrado and
    Andy~Davis and
    Jeffrey~Dean and
    Matthieu~Devin and
    Sanjay~Ghemawat and
    Ian~Goodfellow and
    Andrew~Harp and
    Geoffrey~Irving and
    Michael~Isard and
    Yangqing Jia and
    Rafal~Jozefowicz and
    Lukasz~Kaiser and
    Manjunath~Kudlur and
    Josh~Levenberg and
    Dandelion~Man\'{e} and
    Rajat~Monga and
    Sherry~Moore and
    Derek~Murray and
    Chris~Olah and
    Mike~Schuster and
    Jonathon~Shlens and
    Benoit~Steiner and
    Ilya~Sutskever and
    Kunal~Talwar and
    Paul~Tucker and
    Vincent~Vanhoucke and
    Vijay~Vasudevan and
    Fernanda~Vi\'{e}gas and
    Oriol~Vinyals and
    Pete~Warden and
    Martin~Wattenberg and
    Martin~Wicke and
    Yuan~Yu and
    Xiaoqiang~Zheng},
  year={2015},
}
@article{ollivier2014auto,
  title={Auto-encoders: reconstruction versus compression},
  author={Ollivier, Yann},
  journal={arXiv preprint arXiv:1403.7752},
  year={2014}
}
@inproceedings{he2016deep,
  title={Deep residual learning for image recognition},
  author={He, Kaiming and Zhang, Xiangyu and Ren, Shaoqing and Sun, Jian},
  booktitle={Proceedings of the IEEE conference on computer vision and pattern recognition},
  pages={770--778},
  year={2016}
}
@inproceedings{li2018learning,
  title={Learning convolutional networks for content-weighted image compression},
  author={Li, Mu and Zuo, Wangmeng and Gu, Shuhang and Zhao, Debin and Zhang, David},
  booktitle={Proceedings of the IEEE Conference on Computer Vision and Pattern Recognition},
  pages={3214--3223},
  year={2018}
}
@inproceedings{agustsson2017soft,
  title={Soft-to-hard vector quantization for end-to-end learning compressible representations},
  author={Agustsson, Eirikur and Mentzer, Fabian and Tschannen, Michael and Cavigelli, Lukas and Timofte, Radu and Benini, Luca and Gool, Luc V},
  booktitle={Advances in Neural Information Processing Systems},
  pages={1141--1151},
  year={2017}
}
@InProceedings{johnston2018cvpr,
author = {Johnston, Nick and Vincent, Damien and Minnen, David and Covell, Michele and Singh, Saurabh and Chinen, Troy and Jin Hwang, Sung and Shor, Joel and Toderici, George},
title = {Improved Lossy Image Compression With Priming and Spatially Adaptive Bit Rates for Recurrent Networks},
booktitle = {The IEEE Conference on Computer Vision and Pattern Recognition (CVPR)},
month = {06},
year = {2018}
}
@InProceedings{mentzer2018cvpr,
author = {Mentzer, Fabian and Agustsson, Eirikur and Tschannen, Michael and Timofte, Radu and Van Gool, Luc},
title = {Conditional Probability Models for Deep Image Compression},
booktitle = {The IEEE Conference on Computer Vision and Pattern Recognition (CVPR)},
month = {06},
year = {2018}
}
@article{rissanen1986stochastic,
  title={Stochastic complexity and modeling},
  author={Rissanen, Jorma},
  journal={The annals of statistics},
  pages={1080--1100},
  year={1986},
  publisher={JSTOR}
}
@book{grünwald2007minimum,
  title={The Minimum Description Length Principle},
  author={Gr{\"u}nwald, P.D. and Grunwald, A. and Rissanen, J.},
  isbn={9780262072816},
  lccn={2006046646},
  series={Adaptive computation and machine learning},
  url={https://books.google.co.uk/books?id=mbU6T7oUrBgC},
  year={2007},
  publisher={MIT Press}
}
@book{shannon1998mathematical,
  title={The mathematical theory of communication},
  author={Shannon, Claude E and Weaver, Warren},
  year={1998},
  publisher={University of Illinois press}
}
@incollection{kuhn2014nonlinear,
  title={Nonlinear programming},
  author={Kuhn, Harold W and Tucker, Albert W},
  booktitle={Traces and emergence of nonlinear programming},
  pages={247--258},
  year={2014},
  publisher={Springer}
}
@incollection{karush2014minima,
  title={Minima of functions of several variables with inequalities as side conditions},
  author={Karush, William},
  booktitle={Traces and Emergence of Nonlinear Programming},
  pages={217--245},
  year={2014},
  publisher={Springer}
}
@article{wallace1992jpeg,
  title={The JPEG still picture compression standard},
  author={Wallace, Gregory K},
  journal={IEEE transactions on consumer electronics},
  volume={38},
  number={1},
  pages={xviii--xxxiv},
  year={1992},
  publisher={IEEE}
}
@article{rabbani2002overview,
  title={An overview of the JPEG 2000 still image compression standard},
  author={Rabbani, Majid and Joshi, Rajan},
  journal={Signal processing: Image communication},
  volume={17},
  number={1},
  pages={3--48},
  year={2002},
  publisher={Elsevier}
}
@article{bottou1998high,
  title={High quality document image compression with DjVu},
  author={Bottou, Leon and Haffner, Patrick and Howard, Paul G and Simard, Patrice and Bengio, Yoshua and LeCun, Yann},
  year={1998},
  publisher={Citeseer}
}
@inproceedings{goodfellow2014generative,
  title={Generative adversarial nets},
  author={Goodfellow, Ian and Pouget-Abadie, Jean and Mirza, Mehdi and Xu, Bing and Warde-Farley, David and Ozair, Sherjil and Courville, Aaron and Bengio, Yoshua},
  booktitle={Advances in neural information processing systems},
  pages={2672--2680},
  year={2014}
}
@article{balle2015density,
  title={Density modeling of images using a generalized normalization transformation},
  author={Ball{\'e}, Johannes and Laparra, Valero and Simoncelli, Eero P},
  journal={arXiv preprint arXiv:1511.06281},
  year={2015}
}
@article{ioffe2015batch,
  title={Batch normalization: Accelerating deep network training by reducing internal covariate shift},
  author={Ioffe, Sergey and Szegedy, Christian},
  journal={arXiv preprint arXiv:1502.03167},
  year={2015}
}
@inproceedings{gupta2011modified,
  title={A modified PSNR metric based on HVS for quality assessment of color images},
  author={Gupta, Prateek and Srivastava, Priyanka and Bhardwaj, Satyam and Bhateja, Vikrant},
  booktitle={2011 International Conference on Communication and Industrial Application},
  pages={1--4},
  year={2011},
  organization={IEEE}
}
@inproceedings{balle2016endtrans,
  title={End-to-end optimization of nonlinear transform codes for perceptual quality},
  author={Ball{\'e}, Johannes and Laparra, Valero and Simoncelli, Eero P},
  booktitle={2016 Picture Coding Symposium (PCS)},
  pages={1--5},
  year={2016},
  organization={IEEE}
}
@article{goyal2001theoretical,
  title={Theoretical foundations of transform coding},
  author={Goyal, Vivek K},
  journal={IEEE Signal Processing Magazine},
  volume={18},
  number={5},
  pages={9--21},
  year={2001},
  publisher={IEEE}
}
@book{bishop2013pattern,
  title={Pattern Recognition and Machine Learning},
  author={Bishop, C.M.},
  isbn={9788132209065},
  series={Information science and statistics},
  url={https://books.google.co.uk/books?id=HL4HrgEACAAJ},
  year={2013},
  publisher={Springer (India) Private Limited}
}
@article{huffman1952method,
  title={A method for the construction of minimum-redundancy codes},
  author={Huffman, David A},
  journal={Proceedings of the IRE},
  volume={40},
  number={9},
  pages={1098--1101},
  year={1952},
  publisher={IEEE}
}
@article{girod1993s,
  title={What's wrong with mean-squared error?},
  author={Girod, Bernd},
  journal={Digital images and human vision},
  pages={207--220},
  year={1993},
  publisher={MIT press}
}
@article{wang2004image,
  title={Image quality assessment: from error visibility to structural similarity},
  author={Wang, Zhou and Bovik, Alan C and Sheikh, Hamid R and Simoncelli, Eero P and others},
  journal={IEEE transactions on image processing},
  volume={13},
  number={4},
  pages={600--612},
  year={2004}
}
@article{eskicioglu1994image,
  title={Image quality measures and their performance},
  author={Eskicioglu, Ahmet M and Fisher, Paul S and Chen, Si-Yuan},
  year={1994}
}
@inproceedings{deng2009imagenet,
  title={Imagenet: A large-scale hierarchical image database},
  author={Deng, Jia and Dong, Wei and Socher, Richard and Li, Li-Jia and Li, Kai and Fei-Fei, Li},
  booktitle={2009 IEEE conference on computer vision and pattern recognition},
  pages={248--255},
  year={2009},
  organization={Ieee}
}
@article{thomee2015yfcc100m,
  title={YFCC100M: The new data in multimedia research},
  author={Thomee, Bart and Shamma, David A and Friedland, Gerald and Elizalde, Benjamin and Ni, Karl and Poland, Douglas and Borth, Damian and Li, Li-Jia},
  journal={arXiv preprint arXiv:1503.01817},
  year={2015}
}
@misc{kodakdataset,
  title={Kodak Lossless True Color Image Suite},
  author={{Eastman Kodak Company}},
  howpublished={\url{http://r0k.us/graphics/kodak/}},
  year={1999}
}
@article{russakovsky2015imagenet,
  title={Imagenet large scale visual recognition challenge},
  author={Russakovsky, Olga and Deng, Jia and Su, Hao and Krause, Jonathan and Satheesh, Sanjeev and Ma, Sean and Huang, Zhiheng and Karpathy, Andrej and Khosla, Aditya and Bernstein, Michael and others},
  journal={International journal of computer vision},
  volume={115},
  number={3},
  pages={211--252},
  year={2015},
  publisher={Springer}
}
@inproceedings{denton2015deep,
  title={Deep generative image models using a￼ laplacian pyramid of adversarial networks},
  author={Denton, Emily L and Chintala, Soumith and Fergus, Rob and others},
  booktitle={Advances in neural information processing systems},
  pages={1486--1494},
  year={2015}
}
@article{gregor2015draw,
  title={Draw: A recurrent neural network for image generation},
  author={Gregor, Karol and Danihelka, Ivo and Graves, Alex and Rezende, Danilo Jimenez and Wierstra, Daan},
  journal={arXiv preprint arXiv:1502.04623},
  year={2015}
}
@article{jiang1999image,
  title={Image compression with neural networks--a survey},
  author={Jiang, J},
  journal={Signal processing: image Communication},
  volume={14},
  number={9},
  pages={737--760},
  year={1999},
  publisher={Elsevier}
}
@book{bull2014communicating,
  title={Communicating Pictures: A Course in Image and Video Coding},
  author={Bull, D.R.},
  isbn={9780080993744},
  url={https://books.google.co.uk/books?id=PDZOAwAAQBAJ},
  year={2014},
  publisher={Elsevier Science}
}

@article{mougeot1991image,
  title={Image compression with back propagation: improvement of the visual restoration using different cost functions},
  author={Mougeot, Mathilde and Azencott, Robert and Angeniol, Bernard},
  journal={Neural networks},
  volume={4},
  number={4},
  pages={467--476},
  year={1991},
  publisher={Elsevier}
}
@article{kingma2014adam,
  title={Adam: A method for stochastic optimization},
  author={Kingma, Diederik P and Ba, Jimmy},
  journal={arXiv preprint arXiv:1412.6980},
  year={2014}
}
@incollection{bishop1998latent,
  title={Latent variable models},
  author={Bishop, Christopher M},
  booktitle={Learning in graphical models},
  pages={371--403},
  year={1998},
  publisher={Springer}
}
@inproceedings{adel1962algorithm,
  title={An algorithm for organization of information},
  author={Adel'son-Vel'skii, George M and Landis, Evgenii Mikhailovich},
  booktitle={Doklady Akademii Nauk},
  volume={146},
  pages={263--266},
  year={1962},
  organization={Russian Academy of Sciences}
}
@book{jain1989fundamentals,
  title={Fundamentals of digital image processing},
  author={Jain, Anil K},
  year={1989},
  publisher={Englewood Cliffs, NJ: Prentice Hall,}
}
@InProceedings{clic2018winner,
author = {Zhou, Lei and Cai, Chunlei and Gao, Yue and Su, Sanbao and Wu, Junmin},
title = {Variational Autoencoder for Low Bit-rate Image Compression},
booktitle = {The IEEE Conference on Computer Vision and Pattern Recognition (CVPR) Workshops},
month = {06},
year = {2018}
}
@article{portilla2003image,
  title={Image denoising using scale mixtures of Gaussians in the wavelet domain},
  author={Portilla, Javier and Strela, Vasily and Wainwright, Martin J and Simoncelli, Eero P},
  journal={IEEE Trans Image Processing},
  volume={12},
  number={11},
  year={2003}
}
@book{mackay2003information,
  title={Information Theory, Inference and Learning Algorithms},
  author={MacKay, D.J.C. and Kay, D.J.C.M. and Cambridge University Press},
  isbn={9780521642989},
  lccn={2003055133},
  url={https://books.google.co.uk/books?id=AKuMj4PN\_EMC},
  year={2003},
  publisher={Cambridge University Press}
}
@techreport{krizhevsky2009learning,
  title={Learning multiple layers of features from tiny images},
  author={Krizhevsky, Alex and Hinton, Geoffrey and others},
  year={2009},
  institution={Citeseer}
}
@inproceedings{asuni2014testimages,
  title={TESTIMAGES: a Large-scale Archive for Testing Visual Devices and Basic Image Processing Algorithms.},
  author={Asuni, Nicola and Giachetti, Andrea},
  booktitle={Eurographics Italian Chapter Conference},
  volume={1},
  pages={3},
  year={2014}
}
@article{chen1999empirical,
  title={An empirical study of smoothing techniques for language modeling},
  author={Chen, Stanley F and Goodman, Joshua},
  journal={Computer Speech \& Language},
  volume={13},
  number={4},
  pages={359--394},
  year={1999},
  publisher={Elsevier}
}
@inproceedings{johnson2016perceptual,
  title={Perceptual losses for real-time style transfer and super-resolution},
  author={Johnson, Justin and Alahi, Alexandre and Fei-Fei, Li},
  booktitle={European conference on computer vision},
  pages={694--711},
  year={2016},
  organization={Springer}
}